%YAML 1.1
%TAG !u! tag:unity3d.com,2011:
--- !u!1001 &100100000
Prefab:
  m_ObjectHideFlags: 1
  serializedVersion: 2
  m_Modification:
    m_TransformParent: {fileID: 0}
    m_Modifications: []
    m_RemovedComponents: []
  m_ParentPrefab: {fileID: 0}
  m_RootGameObject: {fileID: 1065812282524198}
  m_IsPrefabParent: 1
--- !u!1 &1022631926989110
GameObject:
  m_ObjectHideFlags: 0
  m_PrefabParentObject: {fileID: 0}
  m_PrefabInternal: {fileID: 100100000}
  serializedVersion: 5
  m_Component:
  - component: {fileID: 4183426229894980}
  - component: {fileID: 114358141078037024}
  - component: {fileID: 137512565201407986}
  m_Layer: 0
  m_Name: chainStart
  m_TagString: Untagged
  m_Icon: {fileID: 0}
  m_NavMeshLayer: 0
  m_StaticEditorFlags: 0
  m_IsActive: 1
--- !u!1 &1065812282524198
GameObject:
  m_ObjectHideFlags: 0
  m_PrefabParentObject: {fileID: 0}
  m_PrefabInternal: {fileID: 100100000}
  serializedVersion: 5
  m_Component:
  - component: {fileID: 4216083604261572}
  - component: {fileID: 114572236927803992}
  m_Layer: 0
  m_Name: Chain_long
  m_TagString: Destructable
  m_Icon: {fileID: 0}
  m_NavMeshLayer: 0
  m_StaticEditorFlags: 0
  m_IsActive: 1
--- !u!1 &1110039025106448
GameObject:
  m_ObjectHideFlags: 1
  m_PrefabParentObject: {fileID: 0}
  m_PrefabInternal: {fileID: 100100000}
  serializedVersion: 5
  m_Component:
  - component: {fileID: 4867706651797508}
  - component: {fileID: 114461048933255726}
  - component: {fileID: 58336585143011106}
  m_Layer: 0
  m_Name: chainLink
  m_TagString: Destructable
  m_Icon: {fileID: 0}
  m_NavMeshLayer: 0
  m_StaticEditorFlags: 0
  m_IsActive: 1
--- !u!1 &1115070975173074
GameObject:
  m_ObjectHideFlags: 1
  m_PrefabParentObject: {fileID: 0}
  m_PrefabInternal: {fileID: 100100000}
  serializedVersion: 5
  m_Component:
  - component: {fileID: 4098767108570442}
  - component: {fileID: 114005964801878438}
  - component: {fileID: 58910321559816626}
  m_Layer: 0
  m_Name: chainLink
  m_TagString: Destructable
  m_Icon: {fileID: 0}
  m_NavMeshLayer: 0
  m_StaticEditorFlags: 0
  m_IsActive: 1
--- !u!1 &1180662839405648
GameObject:
  m_ObjectHideFlags: 1
  m_PrefabParentObject: {fileID: 0}
  m_PrefabInternal: {fileID: 100100000}
  serializedVersion: 5
  m_Component:
  - component: {fileID: 4176501369052012}
  - component: {fileID: 114470856648264318}
  - component: {fileID: 58099330762519796}
  m_Layer: 0
  m_Name: chainLink
  m_TagString: Destructable
  m_Icon: {fileID: 0}
  m_NavMeshLayer: 0
  m_StaticEditorFlags: 0
  m_IsActive: 1
--- !u!1 &1215129683737788
GameObject:
  m_ObjectHideFlags: 1
  m_PrefabParentObject: {fileID: 0}
  m_PrefabInternal: {fileID: 100100000}
  serializedVersion: 5
  m_Component:
  - component: {fileID: 4735200299227258}
  - component: {fileID: 114690299318363194}
  - component: {fileID: 137070691673882040}
  m_Layer: 0
  m_Name: shortChain (1)
  m_TagString: Untagged
  m_Icon: {fileID: 0}
  m_NavMeshLayer: 0
  m_StaticEditorFlags: 0
  m_IsActive: 1
--- !u!1 &1273261430983288
GameObject:
  m_ObjectHideFlags: 1
  m_PrefabParentObject: {fileID: 0}
  m_PrefabInternal: {fileID: 100100000}
  serializedVersion: 5
  m_Component:
  - component: {fileID: 4744582590490500}
  - component: {fileID: 114005471070572962}
  - component: {fileID: 58798820547326936}
  m_Layer: 0
  m_Name: chainLink
  m_TagString: Destructable
  m_Icon: {fileID: 0}
  m_NavMeshLayer: 0
  m_StaticEditorFlags: 0
  m_IsActive: 1
--- !u!1 &1312167847454266
GameObject:
  m_ObjectHideFlags: 1
  m_PrefabParentObject: {fileID: 0}
  m_PrefabInternal: {fileID: 100100000}
  serializedVersion: 5
  m_Component:
  - component: {fileID: 4202963383394376}
  - component: {fileID: 114893625738859968}
  - component: {fileID: 58117561315239918}
  m_Layer: 0
  m_Name: chainLink
  m_TagString: Destructable
  m_Icon: {fileID: 0}
  m_NavMeshLayer: 0
  m_StaticEditorFlags: 0
  m_IsActive: 1
--- !u!1 &1492120514974348
GameObject:
  m_ObjectHideFlags: 1
  m_PrefabParentObject: {fileID: 0}
  m_PrefabInternal: {fileID: 100100000}
  serializedVersion: 5
  m_Component:
  - component: {fileID: 4664308200008270}
  - component: {fileID: 114501033286148396}
  - component: {fileID: 58039179323150726}
  m_Layer: 0
  m_Name: chainLink
  m_TagString: Destructable
  m_Icon: {fileID: 0}
  m_NavMeshLayer: 0
  m_StaticEditorFlags: 0
  m_IsActive: 1
--- !u!1 &1546235459688412
GameObject:
  m_ObjectHideFlags: 0
  m_PrefabParentObject: {fileID: 0}
  m_PrefabInternal: {fileID: 100100000}
  serializedVersion: 5
  m_Component:
  - component: {fileID: 4335025034488498}
  - component: {fileID: 114740803195330936}
  - component: {fileID: 114259876501280164}
  m_Layer: 0
  m_Name: IK
  m_TagString: Untagged
  m_Icon: {fileID: 0}
  m_NavMeshLayer: 0
  m_StaticEditorFlags: 0
  m_IsActive: 1
--- !u!1 &1744508369360908
GameObject:
  m_ObjectHideFlags: 0
  m_PrefabParentObject: {fileID: 0}
  m_PrefabInternal: {fileID: 100100000}
  serializedVersion: 5
  m_Component:
  - component: {fileID: 4042047061083644}
  m_Layer: 0
  m_Name: bones
  m_TagString: Untagged
  m_Icon: {fileID: 0}
  m_NavMeshLayer: 0
  m_StaticEditorFlags: 0
  m_IsActive: 1
--- !u!1 &1772493791474154
GameObject:
  m_ObjectHideFlags: 1
  m_PrefabParentObject: {fileID: 0}
  m_PrefabInternal: {fileID: 100100000}
  serializedVersion: 5
  m_Component:
  - component: {fileID: 4843558215128606}
  - component: {fileID: 114960465985020116}
  - component: {fileID: 58883385794620976}
  m_Layer: 0
  m_Name: chainLink
  m_TagString: Destructable
  m_Icon: {fileID: 0}
  m_NavMeshLayer: 0
  m_StaticEditorFlags: 0
  m_IsActive: 1
--- !u!1 &1775408066049498
GameObject:
  m_ObjectHideFlags: 1
  m_PrefabParentObject: {fileID: 0}
  m_PrefabInternal: {fileID: 100100000}
  serializedVersion: 5
  m_Component:
  - component: {fileID: 4787341115240788}
  - component: {fileID: 114459481219479002}
  m_Layer: 0
  m_Name: chainEnd
  m_TagString: Untagged
  m_Icon: {fileID: 0}
  m_NavMeshLayer: 0
  m_StaticEditorFlags: 0
  m_IsActive: 1
--- !u!1 &1821281627484608
GameObject:
  m_ObjectHideFlags: 1
  m_PrefabParentObject: {fileID: 0}
  m_PrefabInternal: {fileID: 100100000}
  serializedVersion: 5
  m_Component:
  - component: {fileID: 4779129494559426}
  - component: {fileID: 114858873484807172}
  - component: {fileID: 58484398414624880}
  m_Layer: 0
  m_Name: chainLink
  m_TagString: Destructable
  m_Icon: {fileID: 0}
  m_NavMeshLayer: 0
  m_StaticEditorFlags: 0
  m_IsActive: 1
--- !u!1 &1822037309164302
GameObject:
  m_ObjectHideFlags: 1
  m_PrefabParentObject: {fileID: 0}
  m_PrefabInternal: {fileID: 100100000}
  serializedVersion: 5
  m_Component:
  - component: {fileID: 4223291116329680}
  - component: {fileID: 114507610442111674}
  - component: {fileID: 137019597016901486}
  m_Layer: 0
  m_Name: chainEnd
  m_TagString: Untagged
  m_Icon: {fileID: 0}
  m_NavMeshLayer: 0
  m_StaticEditorFlags: 0
  m_IsActive: 1
--- !u!1 &1832573532336312
GameObject:
  m_ObjectHideFlags: 1
  m_PrefabParentObject: {fileID: 0}
  m_PrefabInternal: {fileID: 100100000}
  serializedVersion: 5
  m_Component:
  - component: {fileID: 4827321220949888}
  - component: {fileID: 114598015292891194}
  - component: {fileID: 58043650074609420}
  m_Layer: 0
  m_Name: chainLink
  m_TagString: Destructable
  m_Icon: {fileID: 0}
  m_NavMeshLayer: 0
  m_StaticEditorFlags: 0
  m_IsActive: 1
--- !u!1 &1834587256872862
GameObject:
  m_ObjectHideFlags: 1
  m_PrefabParentObject: {fileID: 0}
  m_PrefabInternal: {fileID: 100100000}
  serializedVersion: 5
  m_Component:
  - component: {fileID: 4351979674450624}
  - component: {fileID: 114169293295544656}
  - component: {fileID: 58352701090555524}
  m_Layer: 0
  m_Name: chainLink
  m_TagString: Destructable
  m_Icon: {fileID: 0}
  m_NavMeshLayer: 0
  m_StaticEditorFlags: 0
  m_IsActive: 1
--- !u!1 &1883825450077508
GameObject:
  m_ObjectHideFlags: 1
  m_PrefabParentObject: {fileID: 0}
  m_PrefabInternal: {fileID: 100100000}
  serializedVersion: 5
  m_Component:
  - component: {fileID: 4495421770273518}
  - component: {fileID: 114509468944090150}
  - component: {fileID: 137204200061237786}
  m_Layer: 0
  m_Name: shortChain (2)
  m_TagString: Untagged
  m_Icon: {fileID: 0}
  m_NavMeshLayer: 0
  m_StaticEditorFlags: 0
  m_IsActive: 1
--- !u!4 &4042047061083644
Transform:
  m_ObjectHideFlags: 1
  m_PrefabParentObject: {fileID: 0}
  m_PrefabInternal: {fileID: 100100000}
  m_GameObject: {fileID: 1744508369360908}
  m_LocalRotation: {x: 0, y: 0, z: 0, w: 1}
  m_LocalPosition: {x: 0, y: 0, z: 0}
  m_LocalScale: {x: 1, y: 1, z: 1}
  m_Children:
  - {fileID: 4351979674450624}
  m_Father: {fileID: 4216083604261572}
  m_RootOrder: 1
  m_LocalEulerAnglesHint: {x: 0, y: 0, z: 0}
--- !u!4 &4098767108570442
Transform:
  m_ObjectHideFlags: 1
  m_PrefabParentObject: {fileID: 0}
  m_PrefabInternal: {fileID: 100100000}
  m_GameObject: {fileID: 1115070975173074}
  m_LocalRotation: {x: 0, y: 0, z: 0.14186437, w: 0.9898861}
  m_LocalPosition: {x: 1.2531929, y: 0.0000000046893547, z: 0}
  m_LocalScale: {x: 1, y: 1, z: 1}
  m_Children:
  - {fileID: 4176501369052012}
  m_Father: {fileID: 4744582590490500}
  m_RootOrder: 0
  m_LocalEulerAnglesHint: {x: 0, y: 0, z: 16.311}
--- !u!4 &4176501369052012
Transform:
  m_ObjectHideFlags: 1
  m_PrefabParentObject: {fileID: 0}
  m_PrefabInternal: {fileID: 100100000}
  m_GameObject: {fileID: 1180662839405648}
  m_LocalRotation: {x: 0, y: 0, z: 0.14154278, w: 0.9899321}
  m_LocalPosition: {x: 1.3068122, y: 0.00009367239, z: 0}
  m_LocalScale: {x: 1, y: 1, z: 1}
  m_Children:
  - {fileID: 4867706651797508}
  m_Father: {fileID: 4098767108570442}
  m_RootOrder: 0
  m_LocalEulerAnglesHint: {x: 0, y: 0, z: 16.274}
--- !u!4 &4183426229894980
Transform:
  m_ObjectHideFlags: 1
  m_PrefabParentObject: {fileID: 0}
  m_PrefabInternal: {fileID: 100100000}
  m_GameObject: {fileID: 1022631926989110}
  m_LocalRotation: {x: 0, y: 0, z: 0, w: 1}
  m_LocalPosition: {x: 0, y: 0, z: 0}
  m_LocalScale: {x: 1, y: 1, z: 1}
  m_Children:
  - {fileID: 4735200299227258}
  m_Father: {fileID: 4216083604261572}
  m_RootOrder: 0
  m_LocalEulerAnglesHint: {x: 0, y: 0, z: 0}
--- !u!4 &4202963383394376
Transform:
  m_ObjectHideFlags: 1
  m_PrefabParentObject: {fileID: 0}
  m_PrefabInternal: {fileID: 100100000}
  m_GameObject: {fileID: 1312167847454266}
  m_LocalRotation: {x: 0, y: 0, z: -0.08718258, w: 0.9961924}
  m_LocalPosition: {x: 1.1876459, y: 0.00005796398, z: 0}
  m_LocalScale: {x: 1, y: 1, z: 1}
  m_Children:
  - {fileID: 4787341115240788}
  m_Father: {fileID: 4664308200008270}
  m_RootOrder: 0
  m_LocalEulerAnglesHint: {x: 0, y: 0, z: 349.997}
--- !u!4 &4216083604261572
Transform:
  m_ObjectHideFlags: 1
  m_PrefabParentObject: {fileID: 0}
  m_PrefabInternal: {fileID: 100100000}
  m_GameObject: {fileID: 1065812282524198}
  m_LocalRotation: {x: -0, y: -0, z: -0.7071068, w: 0.7071068}
  m_LocalPosition: {x: -8.35, y: 6.9, z: -0.08766909}
  m_LocalScale: {x: 1.0000005, y: 1.0000005, z: 1}
  m_Children:
  - {fileID: 4183426229894980}
  - {fileID: 4042047061083644}
  - {fileID: 4335025034488498}
  m_Father: {fileID: 0}
  m_RootOrder: 0
  m_LocalEulerAnglesHint: {x: 0, y: 0, z: -90}
--- !u!4 &4223291116329680
Transform:
  m_ObjectHideFlags: 1
  m_PrefabParentObject: {fileID: 0}
  m_PrefabInternal: {fileID: 100100000}
  m_GameObject: {fileID: 1822037309164302}
  m_LocalRotation: {x: -0, y: -0, z: -1, w: 0.000000029802322}
  m_LocalPosition: {x: -2.91, y: 0.04, z: 0}
  m_LocalScale: {x: 1.0000001, y: 1.0000001, z: 1}
  m_Children: []
  m_Father: {fileID: 4495421770273518}
  m_RootOrder: 0
  m_LocalEulerAnglesHint: {x: 0, y: 0, z: 0}
--- !u!4 &4335025034488498
Transform:
  m_ObjectHideFlags: 1
  m_PrefabParentObject: {fileID: 0}
  m_PrefabInternal: {fileID: 100100000}
  m_GameObject: {fileID: 1546235459688412}
  m_LocalRotation: {x: -0, y: -0, z: -0, w: 1}
  m_LocalPosition: {x: 3.91, y: 9.39, z: 0}
  m_LocalScale: {x: 1, y: 1, z: 1}
  m_Children: []
  m_Father: {fileID: 4216083604261572}
  m_RootOrder: 2
  m_LocalEulerAnglesHint: {x: 0, y: 0, z: 0}
--- !u!4 &4351979674450624
Transform:
  m_ObjectHideFlags: 1
  m_PrefabParentObject: {fileID: 0}
  m_PrefabInternal: {fileID: 100100000}
  m_GameObject: {fileID: 1834587256872862}
  m_LocalRotation: {x: 0, y: 0, z: 0.08030519, w: 0.9967703}
  m_LocalPosition: {x: -0.12968479, y: 0.03349202, z: 0}
  m_LocalScale: {x: 1, y: 1, z: 1}
  m_Children:
  - {fileID: 4827321220949888}
  m_Father: {fileID: 4042047061083644}
  m_RootOrder: 0
  m_LocalEulerAnglesHint: {x: 0, y: 0, z: 9.212001}
--- !u!4 &4495421770273518
Transform:
  m_ObjectHideFlags: 1
  m_PrefabParentObject: {fileID: 0}
  m_PrefabInternal: {fileID: 100100000}
  m_GameObject: {fileID: 1883825450077508}
  m_LocalRotation: {x: -0, y: -0, z: 0.8227252, w: 0.5684394}
  m_LocalPosition: {x: 6.463, y: -8.52, z: 0}
  m_LocalScale: {x: 1, y: 1, z: 1}
  m_Children:
  - {fileID: 4223291116329680}
  m_Father: {fileID: 4735200299227258}
  m_RootOrder: 0
  m_LocalEulerAnglesHint: {x: 0, y: 0, z: 180}
--- !u!4 &4664308200008270
Transform:
  m_ObjectHideFlags: 1
  m_PrefabParentObject: {fileID: 0}
  m_PrefabInternal: {fileID: 100100000}
  m_GameObject: {fileID: 1492120514974348}
  m_LocalRotation: {x: 0, y: 0, z: 0.072887644, w: 0.9973402}
  m_LocalPosition: {x: 1.2347066, y: -0.00009936972, z: 0}
  m_LocalScale: {x: 1, y: 1, z: 1}
  m_Children:
  - {fileID: 4202963383394376}
  m_Father: {fileID: 4867706651797508}
  m_RootOrder: 0
  m_LocalEulerAnglesHint: {x: 0, y: 0, z: 8.360001}
--- !u!4 &4735200299227258
Transform:
  m_ObjectHideFlags: 1
  m_PrefabParentObject: {fileID: 0}
  m_PrefabInternal: {fileID: 100100000}
  m_GameObject: {fileID: 1215129683737788}
  m_LocalRotation: {x: -0, y: -0, z: -0, w: 1}
  m_LocalPosition: {x: -3.15, y: 0.01, z: 0}
  m_LocalScale: {x: 1, y: 1, z: 1}
  m_Children:
  - {fileID: 4495421770273518}
  m_Father: {fileID: 4183426229894980}
  m_RootOrder: 0
  m_LocalEulerAnglesHint: {x: 0, y: 0, z: 0}
--- !u!4 &4744582590490500
Transform:
  m_ObjectHideFlags: 1
  m_PrefabParentObject: {fileID: 0}
  m_PrefabInternal: {fileID: 100100000}
  m_GameObject: {fileID: 1273261430983288}
  m_LocalRotation: {x: 0, y: 0, z: 0.13289621, w: 0.99113}
  m_LocalPosition: {x: 1.1876405, y: 0.000021604796, z: 0}
  m_LocalScale: {x: 1, y: 1, z: 1}
  m_Children:
  - {fileID: 4098767108570442}
  m_Father: {fileID: 4843558215128606}
  m_RootOrder: 0
  m_LocalEulerAnglesHint: {x: 0, y: 0, z: 15.274001}
--- !u!4 &4779129494559426
Transform:
  m_ObjectHideFlags: 1
  m_PrefabParentObject: {fileID: 0}
  m_PrefabInternal: {fileID: 100100000}
  m_GameObject: {fileID: 1821281627484608}
  m_LocalRotation: {x: 0, y: 0, z: 0.10586816, w: 0.99438024}
  m_LocalPosition: {x: 1.2596852, y: 0.00002063379, z: 0}
  m_LocalScale: {x: 1, y: 1, z: 1}
  m_Children:
  - {fileID: 4843558215128606}
  m_Father: {fileID: 4827321220949888}
  m_RootOrder: 0
  m_LocalEulerAnglesHint: {x: 0, y: 0, z: 12.154}
--- !u!4 &4787341115240788
Transform:
  m_ObjectHideFlags: 1
  m_PrefabParentObject: {fileID: 0}
  m_PrefabInternal: {fileID: 100100000}
  m_GameObject: {fileID: 1775408066049498}
  m_LocalRotation: {x: 0, y: 0, z: -0.22341472, w: 0.9747235}
  m_LocalPosition: {x: 0.98347056, y: -0.00000027776696, z: 0}
  m_LocalScale: {x: 1, y: 1, z: 1}
  m_Children: []
  m_Father: {fileID: 4202963383394376}
  m_RootOrder: 0
  m_LocalEulerAnglesHint: {x: 0, y: 0, z: -25.819002}
--- !u!4 &4827321220949888
Transform:
  m_ObjectHideFlags: 1
  m_PrefabParentObject: {fileID: 0}
  m_PrefabInternal: {fileID: 100100000}
  m_GameObject: {fileID: 1832573532336312}
  m_LocalRotation: {x: 0, y: 0, z: 0.09224283, w: 0.99573654}
  m_LocalPosition: {x: 1.3068126, y: 0.000029062852, z: 0}
  m_LocalScale: {x: 1, y: 1, z: 1}
  m_Children:
  - {fileID: 4779129494559426}
  m_Father: {fileID: 4351979674450624}
  m_RootOrder: 0
  m_LocalEulerAnglesHint: {x: 0, y: 0, z: 10.585}
--- !u!4 &4843558215128606
Transform:
  m_ObjectHideFlags: 1
  m_PrefabParentObject: {fileID: 0}
  m_PrefabInternal: {fileID: 100100000}
  m_GameObject: {fileID: 1772493791474154}
  m_LocalRotation: {x: 0, y: 0, z: 0.11944108, w: 0.99284136}
  m_LocalPosition: {x: 1.2347065, y: -0.00003166012, z: 0}
  m_LocalScale: {x: 1, y: 1, z: 1}
  m_Children:
  - {fileID: 4744582590490500}
  m_Father: {fileID: 4779129494559426}
  m_RootOrder: 0
  m_LocalEulerAnglesHint: {x: 0, y: 0, z: 13.72}
--- !u!4 &4867706651797508
Transform:
  m_ObjectHideFlags: 1
  m_PrefabParentObject: {fileID: 0}
  m_PrefabInternal: {fileID: 100100000}
  m_GameObject: {fileID: 1110039025106448}
  m_LocalRotation: {x: 0, y: 0, z: 0.12475349, w: 0.9921878}
  m_LocalPosition: {x: 1.2596859, y: 0.00003955886, z: 0}
  m_LocalScale: {x: 1, y: 1, z: 1}
  m_Children:
  - {fileID: 4664308200008270}
  m_Father: {fileID: 4176501369052012}
  m_RootOrder: 0
  m_LocalEulerAnglesHint: {x: 0, y: 0, z: 14.333001}
--- !u!58 &58039179323150726
CircleCollider2D:
  m_ObjectHideFlags: 1
  m_PrefabParentObject: {fileID: 0}
  m_PrefabInternal: {fileID: 100100000}
  m_GameObject: {fileID: 1492120514974348}
  m_Enabled: 1
  m_Density: 1
  m_Material: {fileID: 0}
  m_IsTrigger: 1
  m_UsedByEffector: 0
  m_UsedByComposite: 0
  m_Offset: {x: 0.47, y: 0}
  serializedVersion: 2
  m_Radius: 0.5
--- !u!58 &58043650074609420
CircleCollider2D:
  m_ObjectHideFlags: 1
  m_PrefabParentObject: {fileID: 0}
  m_PrefabInternal: {fileID: 100100000}
  m_GameObject: {fileID: 1832573532336312}
  m_Enabled: 1
  m_Density: 1
  m_Material: {fileID: 0}
  m_IsTrigger: 1
  m_UsedByEffector: 0
  m_UsedByComposite: 0
  m_Offset: {x: 0.47, y: 0}
  serializedVersion: 2
  m_Radius: 0.5
--- !u!58 &58099330762519796
CircleCollider2D:
  m_ObjectHideFlags: 1
  m_PrefabParentObject: {fileID: 0}
  m_PrefabInternal: {fileID: 100100000}
  m_GameObject: {fileID: 1180662839405648}
  m_Enabled: 1
  m_Density: 1
  m_Material: {fileID: 0}
  m_IsTrigger: 1
  m_UsedByEffector: 0
  m_UsedByComposite: 0
  m_Offset: {x: 0.47, y: 0}
  serializedVersion: 2
  m_Radius: 0.5
--- !u!58 &58117561315239918
CircleCollider2D:
  m_ObjectHideFlags: 1
  m_PrefabParentObject: {fileID: 0}
  m_PrefabInternal: {fileID: 100100000}
  m_GameObject: {fileID: 1312167847454266}
  m_Enabled: 1
  m_Density: 1
  m_Material: {fileID: 0}
  m_IsTrigger: 1
  m_UsedByEffector: 0
  m_UsedByComposite: 0
  m_Offset: {x: 0.47, y: 0}
  serializedVersion: 2
  m_Radius: 0.5
--- !u!58 &58336585143011106
CircleCollider2D:
  m_ObjectHideFlags: 1
  m_PrefabParentObject: {fileID: 0}
  m_PrefabInternal: {fileID: 100100000}
  m_GameObject: {fileID: 1110039025106448}
  m_Enabled: 1
  m_Density: 1
  m_Material: {fileID: 0}
  m_IsTrigger: 1
  m_UsedByEffector: 0
  m_UsedByComposite: 0
  m_Offset: {x: 0.47, y: 0}
  serializedVersion: 2
  m_Radius: 0.5
--- !u!58 &58352701090555524
CircleCollider2D:
  m_ObjectHideFlags: 1
  m_PrefabParentObject: {fileID: 0}
  m_PrefabInternal: {fileID: 100100000}
  m_GameObject: {fileID: 1834587256872862}
  m_Enabled: 1
  m_Density: 1
  m_Material: {fileID: 0}
  m_IsTrigger: 1
  m_UsedByEffector: 0
  m_UsedByComposite: 0
  m_Offset: {x: 0.47, y: 0}
  serializedVersion: 2
  m_Radius: 0.5
--- !u!58 &58484398414624880
CircleCollider2D:
  m_ObjectHideFlags: 1
  m_PrefabParentObject: {fileID: 0}
  m_PrefabInternal: {fileID: 100100000}
  m_GameObject: {fileID: 1821281627484608}
  m_Enabled: 1
  m_Density: 1
  m_Material: {fileID: 0}
  m_IsTrigger: 1
  m_UsedByEffector: 0
  m_UsedByComposite: 0
  m_Offset: {x: 0.47, y: 0}
  serializedVersion: 2
  m_Radius: 0.5
--- !u!58 &58798820547326936
CircleCollider2D:
  m_ObjectHideFlags: 1
  m_PrefabParentObject: {fileID: 0}
  m_PrefabInternal: {fileID: 100100000}
  m_GameObject: {fileID: 1273261430983288}
  m_Enabled: 1
  m_Density: 1
  m_Material: {fileID: 0}
  m_IsTrigger: 1
  m_UsedByEffector: 0
  m_UsedByComposite: 0
  m_Offset: {x: 0.47, y: 0}
  serializedVersion: 2
  m_Radius: 0.5
--- !u!58 &58883385794620976
CircleCollider2D:
  m_ObjectHideFlags: 1
  m_PrefabParentObject: {fileID: 0}
  m_PrefabInternal: {fileID: 100100000}
  m_GameObject: {fileID: 1772493791474154}
  m_Enabled: 1
  m_Density: 1
  m_Material: {fileID: 0}
  m_IsTrigger: 1
  m_UsedByEffector: 0
  m_UsedByComposite: 0
  m_Offset: {x: 0.47, y: 0}
  serializedVersion: 2
  m_Radius: 0.5
--- !u!58 &58910321559816626
CircleCollider2D:
  m_ObjectHideFlags: 1
  m_PrefabParentObject: {fileID: 0}
  m_PrefabInternal: {fileID: 100100000}
  m_GameObject: {fileID: 1115070975173074}
  m_Enabled: 1
  m_Density: 1
  m_Material: {fileID: 0}
  m_IsTrigger: 1
  m_UsedByEffector: 0
  m_UsedByComposite: 0
  m_Offset: {x: 0.47, y: 0}
  serializedVersion: 2
  m_Radius: 0.5
--- !u!114 &114005471070572962
MonoBehaviour:
  m_ObjectHideFlags: 1
  m_PrefabParentObject: {fileID: 0}
  m_PrefabInternal: {fileID: 100100000}
  m_GameObject: {fileID: 1273261430983288}
  m_Enabled: 1
  m_EditorHideFlags: 0
  m_Script: {fileID: 11500000, guid: 03b157d7625014c58bfbad3513f40289, type: 3}
  m_Name: 
  m_EditorClassIdentifier: 
  m_Color: {r: 1, g: 1, b: 1, a: 1}
  m_Length: 1.2531958
  m_Child: {fileID: 0}
  m_ChildTransform: {fileID: 4098767108570442}
  m_AttachedIK: {fileID: 114740803195330936}
--- !u!114 &114005964801878438
MonoBehaviour:
  m_ObjectHideFlags: 1
  m_PrefabParentObject: {fileID: 0}
  m_PrefabInternal: {fileID: 100100000}
  m_GameObject: {fileID: 1115070975173074}
  m_Enabled: 1
  m_EditorHideFlags: 0
  m_Script: {fileID: 11500000, guid: 03b157d7625014c58bfbad3513f40289, type: 3}
  m_Name: 
  m_EditorClassIdentifier: 
  m_Color: {r: 1, g: 1, b: 1, a: 1}
  m_Length: 1.3068138
  m_Child: {fileID: 0}
  m_ChildTransform: {fileID: 4176501369052012}
  m_AttachedIK: {fileID: 114740803195330936}
--- !u!114 &114169293295544656
MonoBehaviour:
  m_ObjectHideFlags: 1
  m_PrefabParentObject: {fileID: 0}
  m_PrefabInternal: {fileID: 100100000}
  m_GameObject: {fileID: 1834587256872862}
  m_Enabled: 1
  m_EditorHideFlags: 0
  m_Script: {fileID: 11500000, guid: 03b157d7625014c58bfbad3513f40289, type: 3}
  m_Name: 
  m_EditorClassIdentifier: 
  m_Color: {r: 1, g: 1, b: 1, a: 1}
  m_Length: 1.306813
  m_Child: {fileID: 0}
  m_ChildTransform: {fileID: 4827321220949888}
  m_AttachedIK: {fileID: 114740803195330936}
--- !u!114 &114259876501280164
MonoBehaviour:
  m_ObjectHideFlags: 1
  m_PrefabParentObject: {fileID: 0}
  m_PrefabInternal: {fileID: 100100000}
  m_GameObject: {fileID: 1546235459688412}
  m_Enabled: 1
  m_EditorHideFlags: 0
  m_Script: {fileID: 11500000, guid: a8db3c78a00b2614692def9d88bbcc48, type: 3}
  m_Name: 
  m_EditorClassIdentifier: 
  target: {fileID: 0}
  targetFlips: 0
  targetOffset: {x: 0, y: 0, z: 0}
--- !u!114 &114358141078037024
MonoBehaviour:
  m_ObjectHideFlags: 1
  m_PrefabParentObject: {fileID: 0}
  m_PrefabInternal: {fileID: 100100000}
  m_GameObject: {fileID: 1022631926989110}
  m_Enabled: 1
  m_EditorHideFlags: 0
  m_Script: {fileID: 11500000, guid: 5ec17ceaa560940e9bf0dbeafc3a1971, type: 3}
  m_Name: 
  m_EditorClassIdentifier: 
  m_SpriteMesh: {fileID: 11400000, guid: 6831051c1b6aa3c4aa44fe6ddd6bea21, type: 2}
  m_Color: {r: 1, g: 1, b: 1, a: 1}
  m_Materials:
  - {fileID: 10754, guid: 0000000000000000f000000000000000, type: 0}
  m_SortingLayerID: 0
  m_SortingOrder: 0
  m_Bones: []
  m_BoneTransforms:
  - {fileID: 4351979674450624}
--- !u!114 &114459481219479002
MonoBehaviour:
  m_ObjectHideFlags: 1
  m_PrefabParentObject: {fileID: 0}
  m_PrefabInternal: {fileID: 100100000}
  m_GameObject: {fileID: 1775408066049498}
  m_Enabled: 1
  m_EditorHideFlags: 0
  m_Script: {fileID: 11500000, guid: 03b157d7625014c58bfbad3513f40289, type: 3}
  m_Name: 
  m_EditorClassIdentifier: 
  m_Color: {r: 1, g: 1, b: 1, a: 1}
  m_Length: 0.01
  m_Child: {fileID: 0}
  m_ChildTransform: {fileID: 0}
  m_AttachedIK: {fileID: 114740803195330936}
--- !u!114 &114461048933255726
MonoBehaviour:
  m_ObjectHideFlags: 1
  m_PrefabParentObject: {fileID: 0}
  m_PrefabInternal: {fileID: 100100000}
  m_GameObject: {fileID: 1110039025106448}
  m_Enabled: 1
  m_EditorHideFlags: 0
  m_Script: {fileID: 11500000, guid: 03b157d7625014c58bfbad3513f40289, type: 3}
  m_Name: 
  m_EditorClassIdentifier: 
  m_Color: {r: 1, g: 1, b: 1, a: 1}
  m_Length: 1.2347089
  m_Child: {fileID: 0}
  m_ChildTransform: {fileID: 4664308200008270}
  m_AttachedIK: {fileID: 114740803195330936}
--- !u!114 &114470856648264318
MonoBehaviour:
  m_ObjectHideFlags: 1
  m_PrefabParentObject: {fileID: 0}
  m_PrefabInternal: {fileID: 100100000}
  m_GameObject: {fileID: 1180662839405648}
  m_Enabled: 1
  m_EditorHideFlags: 0
  m_Script: {fileID: 11500000, guid: 03b157d7625014c58bfbad3513f40289, type: 3}
  m_Name: 
  m_EditorClassIdentifier: 
  m_Color: {r: 1, g: 1, b: 1, a: 1}
  m_Length: 1.2596877
  m_Child: {fileID: 0}
  m_ChildTransform: {fileID: 4867706651797508}
  m_AttachedIK: {fileID: 114740803195330936}
--- !u!114 &114501033286148396
MonoBehaviour:
  m_ObjectHideFlags: 1
  m_PrefabParentObject: {fileID: 0}
  m_PrefabInternal: {fileID: 100100000}
  m_GameObject: {fileID: 1492120514974348}
  m_Enabled: 1
  m_EditorHideFlags: 0
  m_Script: {fileID: 11500000, guid: 03b157d7625014c58bfbad3513f40289, type: 3}
  m_Name: 
  m_EditorClassIdentifier: 
  m_Color: {r: 1, g: 1, b: 1, a: 1}
  m_Length: 1.1876472
  m_Child: {fileID: 0}
  m_ChildTransform: {fileID: 4202963383394376}
  m_AttachedIK: {fileID: 114740803195330936}
--- !u!114 &114507610442111674
MonoBehaviour:
  m_ObjectHideFlags: 1
  m_PrefabParentObject: {fileID: 0}
  m_PrefabInternal: {fileID: 100100000}
  m_GameObject: {fileID: 1822037309164302}
  m_Enabled: 1
  m_EditorHideFlags: 0
  m_Script: {fileID: 11500000, guid: 5ec17ceaa560940e9bf0dbeafc3a1971, type: 3}
  m_Name: 
  m_EditorClassIdentifier: 
  m_SpriteMesh: {fileID: 11400000, guid: 80631788c986a8b429e92d11b9c53dc4, type: 2}
  m_Color: {r: 1, g: 1, b: 1, a: 1}
  m_Materials:
  - {fileID: 10754, guid: 0000000000000000f000000000000000, type: 0}
  m_SortingLayerID: 0
  m_SortingOrder: 0
  m_Bones: []
  m_BoneTransforms:
  - {fileID: 4787341115240788}
--- !u!114 &114509468944090150
MonoBehaviour:
  m_ObjectHideFlags: 1
  m_PrefabParentObject: {fileID: 0}
  m_PrefabInternal: {fileID: 100100000}
  m_GameObject: {fileID: 1883825450077508}
  m_Enabled: 1
  m_EditorHideFlags: 0
  m_Script: {fileID: 11500000, guid: 5ec17ceaa560940e9bf0dbeafc3a1971, type: 3}
  m_Name: 
  m_EditorClassIdentifier: 
  m_SpriteMesh: {fileID: 11400000, guid: cacf80f0be921d74f8cc9c261c8b36c0, type: 2}
  m_Color: {r: 1, g: 1, b: 1, a: 1}
  m_Materials:
  - {fileID: 10754, guid: 0000000000000000f000000000000000, type: 0}
  m_SortingLayerID: 0
  m_SortingOrder: 0
  m_Bones: []
  m_BoneTransforms:
  - {fileID: 4098767108570442}
  - {fileID: 4176501369052012}
  - {fileID: 4867706651797508}
  - {fileID: 4664308200008270}
  - {fileID: 4202963383394376}
--- !u!114 &114572236927803992
MonoBehaviour:
  m_ObjectHideFlags: 1
  m_PrefabParentObject: {fileID: 0}
  m_PrefabInternal: {fileID: 100100000}
  m_GameObject: {fileID: 1065812282524198}
  m_Enabled: 1
  m_EditorHideFlags: 0
  m_Script: {fileID: 11500000, guid: a6aef50ab308b974ba560689c62f4128, type: 3}
  m_Name: 
  m_EditorClassIdentifier: 
  isBroken: 0
  IK: {fileID: 0}
--- !u!114 &114598015292891194
MonoBehaviour:
  m_ObjectHideFlags: 1
  m_PrefabParentObject: {fileID: 0}
  m_PrefabInternal: {fileID: 100100000}
  m_GameObject: {fileID: 1832573532336312}
  m_Enabled: 1
  m_EditorHideFlags: 0
  m_Script: {fileID: 11500000, guid: 03b157d7625014c58bfbad3513f40289, type: 3}
  m_Name: 
  m_EditorClassIdentifier: 
  m_Color: {r: 1, g: 1, b: 1, a: 1}
  m_Length: 1.2596862
  m_Child: {fileID: 0}
  m_ChildTransform: {fileID: 4779129494559426}
  m_AttachedIK: {fileID: 114740803195330936}
--- !u!114 &114690299318363194
MonoBehaviour:
  m_ObjectHideFlags: 1
  m_PrefabParentObject: {fileID: 0}
  m_PrefabInternal: {fileID: 100100000}
  m_GameObject: {fileID: 1215129683737788}
  m_Enabled: 1
  m_EditorHideFlags: 0
  m_Script: {fileID: 11500000, guid: 5ec17ceaa560940e9bf0dbeafc3a1971, type: 3}
  m_Name: 
  m_EditorClassIdentifier: 
  m_SpriteMesh: {fileID: 11400000, guid: cacf80f0be921d74f8cc9c261c8b36c0, type: 2}
  m_Color: {r: 1, g: 1, b: 1, a: 1}
  m_Materials:
  - {fileID: 10754, guid: 0000000000000000f000000000000000, type: 0}
  m_SortingLayerID: 0
  m_SortingOrder: 0
  m_Bones: []
  m_BoneTransforms:
  - {fileID: 4351979674450624}
  - {fileID: 4827321220949888}
  - {fileID: 4779129494559426}
  - {fileID: 4843558215128606}
  - {fileID: 4744582590490500}
--- !u!114 &114740803195330936
MonoBehaviour:
  m_ObjectHideFlags: 1
  m_PrefabParentObject: {fileID: 0}
  m_PrefabInternal: {fileID: 100100000}
  m_GameObject: {fileID: 1546235459688412}
  m_Enabled: 1
  m_EditorHideFlags: 0
  m_Script: {fileID: 11500000, guid: 315ee65f910e84c6c8c8b891a9513484, type: 3}
  m_Name: 
  m_EditorClassIdentifier: 
  m_Target: {fileID: 0}
  m_Record: 0
  m_TargetTransform: {fileID: 4787341115240788}
  m_NumBones: 11
  m_Weight: 1
  m_RestoreDefaultPose: 1
  m_OrientChild: 1
  iterations: 10
  damping: 0.8
  m_Solver:
    m_RootBone: {fileID: 0}
    m_RootBoneTransform: {fileID: 4351979674450624}
    m_SolverPoses:
    - m_Bone: {fileID: 0}
      m_BoneTransform: {fileID: 4351979674450624}
      solverPosition: {x: 0.00000038742485, y: 0.00000003730855, z: 0}
      solverRotation: {x: 0, y: 0, z: 0.08030519, w: 0.9967703}
      defaultLocalRotation: {x: 0, y: 0, z: -0.000071815535, w: 1}
    - m_Bone: {fileID: 0}
      m_BoneTransform: {fileID: 4827321220949888}
      solverPosition: {x: 1.2899228, y: 0.20942321, z: 0}
      solverRotation: {x: 0, y: 0, z: 0.09224283, w: 0.99573654}
      defaultLocalRotation: {x: 0, y: 0, z: -0.0006971211, w: 0.99999976}
    - m_Bone: {fileID: 0}
      m_BoneTransform: {fileID: 4779129494559426}
      solverPosition: {x: 2.475087, y: 0.63626564, z: 0}
      solverRotation: {x: 0, y: 0, z: 0.105868176, w: 0.99438035}
      defaultLocalRotation: {x: 0, y: 0, z: -0.0005262949, w: 0.99999994}
    - m_Bone: {fileID: 0}
      m_BoneTransform: {fileID: 4843558215128606}
      solverPosition: {x: 3.522651, y: 1.2898041, z: 0}
      solverRotation: {x: 0, y: 0, z: 0.11944108, w: 0.99284136}
      defaultLocalRotation: {x: 0, y: 0, z: -0.00064197043, w: 0.9999999}
    - m_Bone: {fileID: 0}
      m_BoneTransform: {fileID: 4744582590490500}
      solverPosition: {x: 4.3524, y: 2.1395135, z: 0}
      solverRotation: {x: 0, y: 0, z: 0.1328962, w: 0.99112993}
      defaultLocalRotation: {x: 0, y: 0, z: -0.00066121336, w: 0.99999976}
    - m_Bone: {fileID: 0}
      m_BoneTransform: {fileID: 4098767108570442}
      solverPosition: {x: 4.9608436, y: 3.235091, z: 0}
      solverRotation: {x: 0, y: 0, z: 0.14186439, w: 0.9898862}
      defaultLocalRotation: {x: 0, y: 0, z: -0.0013126566, w: 0.99999917}
    - m_Bone: {fileID: 0}
      m_BoneTransform: {fileID: 4176501369052012}
      solverPosition: {x: 5.2488256, y: 4.509777, z: 0}
      solverRotation: {x: 0, y: 0, z: 0.14154276, w: 0.98993206}
      defaultLocalRotation: {x: 0, y: 0, z: -0.0015441012, w: 0.9999988}
    - m_Bone: {fileID: 0}
      m_BoneTransform: {fileID: 4867706651797508}
      solverPosition: {x: 5.1710176, y: 5.767058, z: 0}
      solverRotation: {x: 0, y: 0, z: 0.12475349, w: 0.9921878}
      defaultLocalRotation: {x: 0, y: 0, z: -0.00127137, w: 0.9999992}
    - m_Bone: {fileID: 0}
      m_BoneTransform: {fileID: 4664308200008270}
      solverPosition: {x: 4.792176, y: 6.942212, z: 0}
      solverRotation: {x: 0, y: 0, z: 0.07288765, w: 0.9973403}
      defaultLocalRotation: {x: 0, y: 0, z: 0.0015504808, w: 0.99999887}
    - m_Bone: {fileID: 0}
      m_BoneTransform: {fileID: 4202963383394376}
      solverPosition: {x: 4.2671714, y: 8.007515, z: 0}
      solverRotation: {x: 0, y: 0, z: -0.08718258, w: 0.9961924}
      defaultLocalRotation: {x: 0, y: 0, z: -0.021224642, w: 0.99977475}
    - m_Bone: {fileID: 0}
      m_BoneTransform: {fileID: 4787341115240788}
      solverPosition: {x: 3.992313, y: 8.951799, z: 0}
      solverRotation: {x: 0, y: 0, z: -0.22341472, w: 0.9747235}
      defaultLocalRotation: {x: 0, y: 0, z: 0.017538551, w: 0.9998462}
    m_Weight: 1
    m_RestoreDefaultPose: 1
    targetPosition: {x: -0.2946974, y: 0.056955338, z: 0}
    iterations: 10
    damping: 0.8
--- !u!114 &114858873484807172
MonoBehaviour:
  m_ObjectHideFlags: 1
  m_PrefabParentObject: {fileID: 0}
  m_PrefabInternal: {fileID: 100100000}
  m_GameObject: {fileID: 1821281627484608}
  m_Enabled: 1
  m_EditorHideFlags: 0
  m_Script: {fileID: 11500000, guid: 03b157d7625014c58bfbad3513f40289, type: 3}
  m_Name: 
  m_EditorClassIdentifier: 
  m_Color: {r: 1, g: 1, b: 1, a: 1}
  m_Length: 1.2347077
  m_Child: {fileID: 0}
  m_ChildTransform: {fileID: 4843558215128606}
  m_AttachedIK: {fileID: 114740803195330936}
--- !u!114 &114893625738859968
MonoBehaviour:
  m_ObjectHideFlags: 1
  m_PrefabParentObject: {fileID: 0}
  m_PrefabInternal: {fileID: 100100000}
  m_GameObject: {fileID: 1312167847454266}
  m_Enabled: 1
  m_EditorHideFlags: 0
  m_Script: {fileID: 11500000, guid: 03b157d7625014c58bfbad3513f40289, type: 3}
  m_Name: 
  m_EditorClassIdentifier: 
  m_Color: {r: 1, g: 1, b: 1, a: 1}
  m_Length: 0.983472
  m_Child: {fileID: 0}
  m_ChildTransform: {fileID: 4787341115240788}
  m_AttachedIK: {fileID: 114740803195330936}
--- !u!114 &114960465985020116
MonoBehaviour:
  m_ObjectHideFlags: 1
  m_PrefabParentObject: {fileID: 0}
  m_PrefabInternal: {fileID: 100100000}
  m_GameObject: {fileID: 1772493791474154}
  m_Enabled: 1
  m_EditorHideFlags: 0
  m_Script: {fileID: 11500000, guid: 03b157d7625014c58bfbad3513f40289, type: 3}
  m_Name: 
  m_EditorClassIdentifier: 
  m_Color: {r: 1, g: 1, b: 1, a: 1}
  m_Length: 1.1876427
  m_Child: {fileID: 0}
  m_ChildTransform: {fileID: 4744582590490500}
  m_AttachedIK: {fileID: 114740803195330936}
--- !u!137 &137019597016901486
SkinnedMeshRenderer:
  m_ObjectHideFlags: 1
  m_PrefabParentObject: {fileID: 0}
  m_PrefabInternal: {fileID: 100100000}
  m_GameObject: {fileID: 1822037309164302}
  m_Enabled: 0
  m_CastShadows: 1
  m_ReceiveShadows: 1
  m_DynamicOccludee: 1
  m_MotionVectors: 1
  m_LightProbeUsage: 1
  m_ReflectionProbeUsage: 1
  m_Materials:
  - {fileID: 10754, guid: 0000000000000000f000000000000000, type: 0}
  m_StaticBatchInfo:
    firstSubMesh: 0
    subMeshCount: 0
  m_StaticBatchRoot: {fileID: 0}
  m_ProbeAnchor: {fileID: 0}
  m_LightProbeVolumeOverride: {fileID: 0}
  m_ScaleInLightmap: 1
  m_PreserveUVs: 0
  m_IgnoreNormalsForChartDetection: 0
  m_ImportantGI: 0
  m_StitchLightmapSeams: 0
  m_SelectedEditorRenderState: 3
  m_MinimumChartSize: 4
  m_AutoUVMaxDistance: 0.5
  m_AutoUVMaxAngle: 89
  m_LightmapParameters: {fileID: 0}
  m_SortingLayerID: 0
  m_SortingLayer: 0
  m_SortingOrder: 0
  serializedVersion: 2
  m_Quality: 0
  m_UpdateWhenOffscreen: 0
  m_SkinnedMotionVectors: 1
  m_Mesh: {fileID: 43580151203576456, guid: 80631788c986a8b429e92d11b9c53dc4, type: 2}
  m_Bones:
  - {fileID: 4787341115240788}
  m_BlendShapeWeights: []
  m_RootBone: {fileID: 4787341115240788}
  m_AABB:
    m_Center: {x: 0.13692492, y: -0.033707485, z: 0}
    m_Extent: {x: 0.49996006, y: 0.49996006, z: 0}
  m_DirtyAABB: 0
--- !u!137 &137070691673882040
SkinnedMeshRenderer:
  m_ObjectHideFlags: 1
  m_PrefabParentObject: {fileID: 0}
  m_PrefabInternal: {fileID: 100100000}
  m_GameObject: {fileID: 1215129683737788}
  m_Enabled: 1
  m_CastShadows: 1
  m_ReceiveShadows: 1
  m_DynamicOccludee: 1
  m_MotionVectors: 1
  m_LightProbeUsage: 1
  m_ReflectionProbeUsage: 1
  m_Materials:
  - {fileID: 10754, guid: 0000000000000000f000000000000000, type: 0}
  m_StaticBatchInfo:
    firstSubMesh: 0
    subMeshCount: 0
  m_StaticBatchRoot: {fileID: 0}
  m_ProbeAnchor: {fileID: 0}
  m_LightProbeVolumeOverride: {fileID: 0}
  m_ScaleInLightmap: 1
  m_PreserveUVs: 0
  m_IgnoreNormalsForChartDetection: 0
  m_ImportantGI: 0
  m_StitchLightmapSeams: 0
  m_SelectedEditorRenderState: 3
  m_MinimumChartSize: 4
  m_AutoUVMaxDistance: 0.5
  m_AutoUVMaxAngle: 89
  m_LightmapParameters: {fileID: 0}
  m_SortingLayerID: 0
  m_SortingLayer: 0
  m_SortingOrder: 0
  serializedVersion: 2
  m_Quality: 0
  m_UpdateWhenOffscreen: 0
  m_SkinnedMotionVectors: 1
  m_Mesh: {fileID: 43922842819296956, guid: cacf80f0be921d74f8cc9c261c8b36c0, type: 2}
  m_Bones:
  - {fileID: 4351979674450624}
  - {fileID: 4827321220949888}
  - {fileID: 4779129494559426}
  - {fileID: 4843558215128606}
  - {fileID: 4744582590490500}
  m_BlendShapeWeights: []
  m_RootBone: {fileID: 4351979674450624}
  m_AABB:
    m_Center: {x: 3.036612, y: 0.047793746, z: 0}
    m_Extent: {x: 3.142727, y: 0.64973307, z: 0}
  m_DirtyAABB: 0
--- !u!137 &137204200061237786
SkinnedMeshRenderer:
  m_ObjectHideFlags: 1
  m_PrefabParentObject: {fileID: 0}
  m_PrefabInternal: {fileID: 100100000}
  m_GameObject: {fileID: 1883825450077508}
  m_Enabled: 1
  m_CastShadows: 1
  m_ReceiveShadows: 1
  m_DynamicOccludee: 1
  m_MotionVectors: 1
  m_LightProbeUsage: 1
  m_ReflectionProbeUsage: 1
  m_Materials:
  - {fileID: 10754, guid: 0000000000000000f000000000000000, type: 0}
  m_StaticBatchInfo:
    firstSubMesh: 0
    subMeshCount: 0
  m_StaticBatchRoot: {fileID: 0}
  m_ProbeAnchor: {fileID: 0}
  m_LightProbeVolumeOverride: {fileID: 0}
  m_ScaleInLightmap: 1
  m_PreserveUVs: 0
  m_IgnoreNormalsForChartDetection: 0
  m_ImportantGI: 0
  m_StitchLightmapSeams: 0
  m_SelectedEditorRenderState: 3
  m_MinimumChartSize: 4
  m_AutoUVMaxDistance: 0.5
  m_AutoUVMaxAngle: 89
  m_LightmapParameters: {fileID: 0}
  m_SortingLayerID: 0
  m_SortingLayer: 0
  m_SortingOrder: 0
  serializedVersion: 2
  m_Quality: 0
  m_UpdateWhenOffscreen: 0
  m_SkinnedMotionVectors: 1
  m_Mesh: {fileID: 43922842819296956, guid: cacf80f0be921d74f8cc9c261c8b36c0, type: 2}
  m_Bones:
  - {fileID: 4098767108570442}
  - {fileID: 4176501369052012}
  - {fileID: 4867706651797508}
  - {fileID: 4664308200008270}
  - {fileID: 4202963383394376}
  m_BlendShapeWeights: []
  m_RootBone: {fileID: 4098767108570442}
  m_AABB:
    m_Center: {x: 3.036627, y: 0.04806596, z: 0}
    m_Extent: {x: 3.1427438, y: 0.64977473, z: 0}
  m_DirtyAABB: 0
--- !u!137 &137512565201407986
SkinnedMeshRenderer:
  m_ObjectHideFlags: 1
  m_PrefabParentObject: {fileID: 0}
  m_PrefabInternal: {fileID: 100100000}
  m_GameObject: {fileID: 1022631926989110}
  m_Enabled: 1
  m_CastShadows: 1
  m_ReceiveShadows: 1
  m_DynamicOccludee: 1
  m_MotionVectors: 1
  m_LightProbeUsage: 1
  m_ReflectionProbeUsage: 1
  m_Materials:
  - {fileID: 10754, guid: 0000000000000000f000000000000000, type: 0}
  m_StaticBatchInfo:
    firstSubMesh: 0
    subMeshCount: 0
  m_StaticBatchRoot: {fileID: 0}
  m_ProbeAnchor: {fileID: 0}
  m_LightProbeVolumeOverride: {fileID: 0}
  m_ScaleInLightmap: 1
  m_PreserveUVs: 0
  m_IgnoreNormalsForChartDetection: 0
  m_ImportantGI: 0
  m_StitchLightmapSeams: 0
  m_SelectedEditorRenderState: 3
  m_MinimumChartSize: 4
  m_AutoUVMaxDistance: 0.5
  m_AutoUVMaxAngle: 89
  m_LightmapParameters: {fileID: 0}
  m_SortingLayerID: 0
  m_SortingLayer: 0
  m_SortingOrder: 0
  serializedVersion: 2
  m_Quality: 0
  m_UpdateWhenOffscreen: 0
  m_SkinnedMotionVectors: 1
  m_Mesh: {fileID: 43580151203576456, guid: 6831051c1b6aa3c4aa44fe6ddd6bea21, type: 2}
  m_Bones:
  - {fileID: 4351979674450624}
  m_BlendShapeWeights: []
  m_RootBone: {fileID: 4351979674450624}
  m_AABB:
    m_Center: {x: -0.007902175, y: 0.03240861, z: 0}
    m_Extent: {x: 0.4999548, y: 0.49995482, z: 0}
  m_DirtyAABB: 0
